<?xml version="1.0" encoding="UTF-8"?><collection xmlns="http://www.loc.gov/MARC21/slim"><record><leader>00575nam--2200193-i-4500</leader><controlfield tag="001">000018137</controlfield><controlfield tag="002">20161230</controlfield><controlfield tag="005">20161230201032</controlfield><controlfield tag="008">060222s1000------------r-----000-0-ger-d</controlfield><datafield ind1=" " ind2=" " tag="040"><subfield code="a">IFIN-HH</subfield></datafield><datafield ind1=" " ind2=" " tag="041"><subfield code="a">ger</subfield></datafield><datafield ind1=" " ind2=" " tag="080"><subfield code="a">535.31</subfield></datafield><datafield ind1="1" ind2=" " tag="100"><subfield code="a">Flugge, Johannes</subfield></datafield><datafield ind1="1" ind2="0" tag="245"><subfield code="a">Leitfaden der geometrischen optik und des optikrechnesns.mit praktische aufgaben</subfield><subfield code="c">Johannes flugge</subfield></datafield><datafield ind1=" " ind2=" " tag="260"><subfield code="a">Gottingen</subfield><subfield code="b">Vandenhoeck &amp; Ruprecht</subfield><subfield code="c">1956</subfield></datafield><datafield ind1=" " ind2=" " tag="300"><subfield code="a">202 P</subfield></datafield><datafield ind1=" " ind2=" " tag="490"><subfield code="a">Studia Mathematica/Mathematische Lehrbucher</subfield><subfield code="v">Band XI</subfield></datafield><datafield ind1=" " ind2=" " tag="852"><subfield code="a">13138</subfield><subfield code="c">535</subfield></datafield><datafield ind1=" " ind2=" " tag="CAT"><subfield code="a">Sys</subfield><subfield code="c">20101019</subfield><subfield code="h">102646</subfield></datafield></record></collection>